@article{watson_2019, title={Diabetes: Symptoms, Causes, Treatment, Prevention, and More}, url={https://www.healthline.com/health/diabetes}, journal={Healthline}, publisher={Healthline Media}, author={Watson, Stephanie}, year={2019}, month={Mar}}

@misc{diabetes_india,
    author = "{Editor}",
    title = {{Over 30 million have now been diagnosed with diabetes in India. The CPR (Crude prevalence rate) in the urban areas of India is thought to be 9 per cent.}},
    howpublished = {\url{https://www.diabetes.co.uk/global-diabetes/diabetes-in-india.html}},
    note = {Online; accessed 25 February 2020} ,
    year=2019,
}

@article{chatrati_hossain_goyal_bhan_bhattacharya_gaurav_tiwari_2020, title={Smart home health monitoring system for predicting type 2 diabetes and hypertension}, url={https://www.sciencedirect.com/science/article/pii/S1319157819316076}, journal={Journal of King Saud University - Computer and Information Sciences}, publisher={Elsevier}, author={Chatrati, Saiteja Prasad and Hossain, Gahangir and Goyal, Ayush and Bhan, Anupama and Bhattacharya, Sayantan and Gaurav, Devottam and Tiwari, Sanju Mishra}, year={2020}, month={Jan}}

@article{deva_2015, title={QCon Rio - Machine Learning for Everyone}, url={https://www.slideshare.net/DhianaDevaRocha/qcon-rio-machine-learning-for-everyone}, journal={LinkedIn SlideShare}, author={Deva, Dhiana}, year={2015}, month={Aug}}


@misc{yellowbrick_dt,
    author = "{Yellowbrick}",
    title = {{Discrimination Threshold - yellowbrick v1.0.1 documentation}},
    howpublished = {\url{https://www.scikit-yb.org/en/latest/api/classifier/threshold.html}},
    note = {Online; accessed 25 February 2020} ,
    year=2019,
}

@article{kaur_kaur_1970, title={Comparative Analysis of Classification Techniques for Diagnosis of Diabetes}, url={https://link.springer.com/chapter/10.1007/978-981-15-0339-9_17}, journal={SpringerLink}, publisher={Springer, Singapore}, author={Kaur, Paramjot and Kaur, Ramanpreet}, year={1970}, month={Jan}}

@booklet{alberti_zimmet_2004, title={Definition, diagnosis and classification of diabetes mellitus and its complications. Part 1: diagnosis and classification of diabetes mellitus. Provisional report of a WHO Consultation}, url={https://onlinelibrary.wiley.com/doi/abs/10.1002/(SICI)1096-9136(199807)15:7<539::AID-DIA668>3.0.CO;2-S}, journal={Wiley Online Library}, publisher={John Wiley & Sons, Ltd}, author={Alberti, K.G.M.M. and Zimmet, P.Z.}, year={2004}, month={Jul}}

@article{lisa_gladman_lisa_2019, title={Types of Healthcare Information Systems - Scott-Clark Medical}, url={https://www.scott-clark.com/2018/10/01/types-of-information-systems-used-in-healthcare-facilities/}, journal={Scott}, author={Lisa, Lisa Gladman and Gladman, Lisa and Lisa}, year={2019}, month={Nov}}

@article{maladkar_2019, title={Why Is Random Search Better Than Grid Search For Machine Learning}, url={https://www.analyticsindiamag.com/why-is-random-search-better-than-grid-search-for-machine-learning/}, journal={Analytics India Magazine}, author={Maladkar, Kishan}, year={2019}, month={Sep}}

@article{mandal_2019, title={What is Diabetes?}, url={https://www.news-medical.net/health/What-is-Diabetes.aspx}, journal={News}, author={Mandal, Ananya}, year={2019}, month={Feb}}

@article{mandot_2018, title={What is LightGBM, How to implement it? How to fine tune the parameters?}, url={https://medium.com/
@pushkarmandot/https-medium-com-pushkarmandot-what-is-lightgbm-how-to-implement-it-how-to-fine-tune-the-parameters-60347819b7fc}, journal={Medium}, publisher={Medium}, author={Mandot, Pushkar}, year={2018}, month={Dec}}

@article{norena_2018, title={Python Model Tuning Methods Using Cross Validation and Grid Search}, url={https://medium.com/@sebastiannorena/some-model-tuning-methods-bfef3e6544f0}, journal={Medium}, publisher={Medium}, author={Norena, Sebastian}, year={2018}, month={Jun}}

@misc{scikit2,
    author = "{Scikit-Learn}",
    title = {{sklearn.preprocessing.LabelEncoder}},
    howpublished = {\url{https://scikit-learn.org/stable/modules/generated/sklearn.preprocessing.LabelEncoder.html}},
    note = {Online; accessed 25 February 2020} ,
    year=2019,
}


@misc{scikit1,
    author = "{Scikit-Learn}",
    title = {{sklearn.preprocessing.StandardScaler}},
    howpublished = {\url{https://scikit-learn.org/stable/modules/generated/sklearn.preprocessing.StandardScaler.html}},
    note = {Online; accessed 25 February 2020} ,
    year=2019,
}

@Book{niddkd,
title = {What is Diabetes?},
publisher = {U.S. Department of Health and Human Services},
year = {2016},
OPTaddress = {https://www.niddk.nih.gov/health-information/diabetes/overview/what-is-diabetes},
OPTmonth = {December}
}


@PhdThesis{diabetesmellitus,
author = {Zou and Quan and Qu and Luo and Yamei and Yin and Dehui and Ju and Ying and Tang and et al.},
title = {Predicting Diabetes Mellitus With Machine Learning Techniques},
school = {School of Computer Science and Technology, Tianjin University, Tianjin, China},
year = {2018}
}

@misc{internationaldiabetesfederation,
    author = "{International Diabetes Federation}",
    title = {{Home}},
    howpublished = {\url{https://www.idf.org/e-library/epidemiology-research/diabetes-atlas/134-idf-diabetes-atlas-8th-edition.html}},
    note = {Online; accessed 12 February 2020} ,
    year=2016,
}

@misc{rpi,
author = {Raspberry Pi Foundation},
title = {Raspberry Pi 3 Model B},
howpublished = {\url{https://www.raspberrypi.org/products/raspberry-pi-3-model-b/}},
month = {Jan},
year = {2020},
}

@misc{itertools, title={9.7. itertools - Functions creating iterators for efficient looping}, howpublished = {\url{https://docs.python.org/2/library/itertools.html}}}

@misc{pandas, title={About Pandas}, howpublished={\url{https://pandas.pydata.org/about/index.html}}, journal={Pandas}}

@misc{scikit, title={Getting Started}, howpublished={\url{https://scikit-learn.org/stable/getting_started.html}}}

@misc{numpy, title={NumPy}, howpublished={\url{https://numpy.org/}}}

